<record><leader>00000cas a2200000 a 4500</leader><controlfield tag="001">11063433</controlfield><controlfield tag="008">840817d19231929ksuwr ne      0   a0eng d</controlfield><datafield ind1=" " ind2=" " tag="010"><subfield code="a">sn 83041021 </subfield></datafield><datafield ind1=" " ind2=" " tag="040"><subfield code="a">KSH</subfield><subfield code="b">eng</subfield><subfield code="c">KSH</subfield><subfield code="d">NPT</subfield><subfield code="d">OCL</subfield><subfield code="d">OCLCQ</subfield></datafield><datafield ind1=" " ind2=" " tag="042"><subfield code="a">msc</subfield></datafield><datafield ind1="0" ind2="4" tag="245"><subfield code="a">The Echo-boomer.</subfield></datafield><datafield ind1=" " ind2=" " tag="260"><subfield code="a">Scammon, Kan. :</subfield><subfield code="b">James Chase</subfield></datafield><datafield ind1=" " ind2=" " tag="300"><subfield code="a">v. :</subfield><subfield code="b">ill. ;</subfield><subfield code="c">51-61 cm.</subfield></datafield><datafield ind1=" " ind2=" " tag="310"><subfield code="a">Weekly</subfield></datafield><datafield ind1="1" ind2=" " tag="362"><subfield code="a">Began in Jan. 1923; ceased in 1929?</subfield></datafield><datafield ind1=" " ind2=" " tag="580"><subfield code="a">Formed by the union of: Echo (non-extant), and: Scammon boomer.</subfield></datafield><datafield ind1=" " ind2=" " tag="580"><subfield code="a">Issued with: Mineral news, Apr. 19-May 24, 1928; Mineral enterprise, June 21, 1928-Mar. 28, 1929.</subfield></datafield><datafield ind1=" " ind2=" " tag="588"><subfield code="a">Description based on: Jan. 11, 1923.</subfield></datafield><datafield ind1=" " ind2=" " tag="752"><subfield code="a">United States</subfield><subfield code="b">Kansas</subfield><subfield code="c">Cherokee</subfield><subfield code="d">Scammon.</subfield></datafield><datafield ind1="1" ind2=" " tag="777"><subfield code="t">Mineral news</subfield><subfield code="w">(DLC)sn 83041022</subfield></datafield><datafield ind1="1" ind2=" " tag="777"><subfield code="t">Mineral enterprise</subfield><subfield code="w">(DLC)sn 83041023</subfield></datafield><datafield ind1="1" ind2="4" tag="780"><subfield code="t">Echo</subfield></datafield><datafield ind1="1" ind2="4" tag="780"><subfield code="t">Scammon boomer</subfield><subfield code="w">(DLC)sn 83041020</subfield></datafield></record>